@article{abt_1990,
	author		= "Abt, H.",
	title		= "",
	journal		= "ApJ",
	year		= 1990,
	volume		= 357,
	pages		= 1,
}

@article{blandhawthorn_jones_1998a,
	author		= "Bland-Hawthorn, J. and Jones, D. H.",
	title		= "",
	journal		= "PASA",
	year		= 1998,
	volume		= 15,
	pages		= 44,
}

@article{blandhawthorn_jones_1998b,
	author		= "Bland-Hawthorn, J. and Jones, D. H.",
	title		= "",
	journal		= "SPIE",
	year		= 1998,
	volume		= 3355,
	pages		= 855,
}

@book{butcher_2006,
	author		= "Butcher, Judith",
	title		= "Butcher's Copy-editing:  The Cambridge Handbook for Editors, Copy-editors and Proofreaders",
	edition		= "4th",
	publisher	= "Cambridge University Press",
	address		= "Cambridge",
	year		= 2006,
}
@phdthesis{capak_phdthesis,
	author		= "Capak, P.",
	title		= "PhD Thesis",
	school		= "University of Hawaii",
	year		= 2003,
}

@manual{daly_2007,
	author		= "Daly, Patrick W.",
	title		= "Natural Sciences Citations and References (Author--Year and Numerical Schemes), Version 8.1",
	year		= 2007,
}

@inproceedings{de_vaucouleurs_1964,
	author		= "de Vaucouleurs, G.",
	title		= "",
	booktitle	= "The Galaxy and the Magellanic Clouds",
	year		= 1964,
	editor		= "Kerr, F. J.",
	volume		= 20,
	series		= "IAU Symp.",
	pages		= 195,
	publisher	= "Reidel",
	address		= "Dordrecht",
}

@book{latexcompanion,
	author		= "Goossens, M. and Mittelbach, F. and Samarin, A.",
	title		= "The {{\LaTeX}} Companion",
	edition		= "",
	publisher	= "Addison--Wesley",
	address		= "Reading, MA",
	year		= 1994,
}

@article{jones_blandhawthorn_1998,
	author		= "Jones, D. H. and Bland-Hawthorn, J.",
	title		= "",
	journal		= "PASP",
	year		= 1998,
	volume		= 110,
	pages		= 1059,
}

@inproceedings{jones_blandhawthorn_1999,
	author		= "Jones, D. H. and Bland-Hawthorn, J.",
	title		= "",
	booktitle	= "Looking Deep in the Southern Sky",
	year		= 1999,
	editor		= "Morganti, R. and Couch, W. J.",
	series		= "",
	pages		= 320,
	publisher	= "Springer",
	address		= "Berlin",
	volume		= "",
}

@proceedings{kerr_1964,
	title		= "The Galaxy and the Magellanic Clouds",
	year		= 1964,
	editor		= "Kerr, F. J.",
	series		= "IAU Symp.",
	volume		= "20",
	publisher	= "Reidel",
	address		= "Dordrecht",
}

@book{texbook,
	author		= "Knuth, Donald",
	title		= "The {{\TeX}}book",
	edition		= "",
	publisher	= "Addison--Wesley",
	address		= "Reading, Mass.",
	year		= 1986,
}

@book{latexguide,
	author		= "Kopka, Helmut and Daly, Patrick W.",
	title		= "A Guide to {{\LaTeX}}",
	edition		= "3rd",
	publisher	= "Addison--Wesley",
	address		= "Harlow",
	year		= 1999,
}

@book{lamport_1994,
	author		= "Lamport, Leslie",
	title		= "{{\LaTeX}}, A Document Preparation System: User's Guide and Reference Manual",
	edition		= "2nd",
	publisher	= "Addison--Wesley",
	address		= "Boston",
	year		= 1994,
}

@inproceedings{mahoney_2002,
	author		= "Mahoney, T. J.",
	title		= "",
	booktitle	= "Astronomy for Developing Countries",
	year		= 2002,
	editor		= "Batten, Alan H.",
	series		= "Special Session of the XXIV General Assembly of the IAU",
	pages		= 357,
	publisher	= "IAU",
	address		= "San Francisco",
	volume		= "",
}

@manual{markey_2005,
	author		= "Markey, Nicolas",
	title		= "Tame the BeaST: The B to X of Bib{{\TeX}}, Version 1.3",
	year		= 2005,
}

@book{merriamwebster_2003,
	author		= "Merriam-Webster, Inc.",
	title		= "Merriam-Webster's Collegiate Dictionary",
	edition		= "11th",
	publisher	= "Merriam-Webster",
	address		= "Springfield",
	year		= 2003,
}

@book{harts_rules_1983,
	author		= "{Oxford~University~Press}",
	title		= "Hart's Rules for Compositors and Readers at the University Press Oxford",
	edition		= "39th",
	publisher	= "Oxford University Press",
	address		= "Oxford",
	year		= 1983,
}
@book{cod,
	author		= "{Oxford~University~Press}",
	title		= "The Concise Oxford English Dictionary",
	edition		= "11th",
	publisher	= "Oxford University Press",
	address		= "Oxford",
	year		= 2008,
}
@book{ritter,
	editor		= "Ritter, R. M.",
	title		= "The Oxford Dictionary for Writers and Editors",
	edition		= "2nd",
	publisher	= "Oxford University Press",
	address		= "Oxford",
	year		= 2000,
}

@article{soltan_etal_1999,
	author		= "Soltan, A. M. and Freyberg, M. and Hasinger, G. and Miyaji, T. and Treyer, M. and Tr{\"u}mper, J",
	title		= "",
	journal		= "A{{\&}}A",
	year		= 1999,
	volume		= 349,
	pages		= 354,
}

@book{strunk,
	author		= "Strunk Jr., W. and White, E. B.",
	title		= "The Elements of Style",
	edition		= "4th",
	publisher	= "Allyn and Bacon",
	address		= "Boston",
	year		= 2000,
}
@book{chicago_manual,
	author		= "{University of Chicago Press}",
	title		= "The Chicago Manual of Style",
	edition		= "15th",
	publisher	= "UCP",
	address		= "Chicago",
	year		= 2003,
}

@book{vandehulst_1981,
	author		= "van de Hulst, H. C.",
	title		= "Light Scattering by Small Particles",
	edition		= "2nd",
	publisher	= "Dover",
	address		= "New York",
	year		= 1981,
}


